@inproceedings{liu2024teaching,
  title={Teaching CS50 with AI: leveraging generative artificial intelligence in computer science education},
  author={Liu, Rongxin and Zenke, Carter and Liu, Charlie and Holmes, Andrew and Thornton, Patrick and Malan, David J},
  booktitle={Proceedings of the 55th ACM technical symposium on computer science education V. 1},
  pages={750--756},
  year={2024}
}

@inproceedings{dai2023can,
  title={Can large language models provide feedback to students? A case study on ChatGPT},
  author={Dai, Wei and Lin, Jionghao and Jin, Hua and Li, Tongguang and Tsai, Yi-Shan and Ga{\v{s}}evi{\'c}, Dragan and Chen, Guanliang},
  booktitle={2023 IEEE international conference on advanced learning technologies (ICALT)},
  pages={323--325},
  year={2023},
  organization={IEEE}
}

@article{joosten1993teaching,
  title={Teaching functional programming to first-year students},
  author={Joosten, Stef and Van Den Berg, Klaas and Van Der Hoeven, Gerrit},
  journal={Journal of Functional Programming},
  volume={3},
  number={1},
  pages={49--65},
  year={1993},
  publisher={Cambridge University Press}
}

@inproceedings{derus2012difficulties,
  title={Difficulties in learning programming: Views of students},
  author={Derus, SRM and Ali, AZ Mohamad},
  booktitle={1st International Conference on Current Issues in Education (ICCIE 2012)},
  pages={74--79},
  year={2012}
}


@article{milne2002difficulties,
  title={Difficulties in learning and teaching programmingâ€”views of students and tutors},
  author={Milne, Iain and Rowe, Glenn},
  journal={Education and Information technologies},
  volume={7},
  pages={55--66},
  year={2002},
  publisher={Springer}
}

@article{lin2023artificial,
  title={Artificial intelligence in intelligent tutoring systems toward sustainable education: a systematic review},
  author={Lin, Chien-Chang and Huang, Anna YQ and Lu, Owen HT},
  journal={Smart Learning Environments},
  volume={10},
  number={1},
  pages={41},
  year={2023},
  publisher={Springer}
}

@inproceedings{wadler1992essence,
  title={The essence of functional programming},
  author={Wadler, Philip},
  booktitle={Proceedings of the 19th ACM SIGPLAN-SIGACT symposium on Principles of programming languages},
  pages={1--14},
  year={1992}
}